% Encoding: UTF-8

% Publishers % ================================================= |

 @String{Academic = "Academic Press" }
 @String{ACMMathSoft = "{ACM} Transactions on Mathematical Software" }
 @String{ACMPress = "{ACM} Press" }
 @String{AdamHilger = "Adam Hilger" }
 @String{AddisonWesley = "Addison-Wesley" }
 @String{AllynBacon = "Allyn and Bacon" }
 @String{AmerMathMonthly = "American Mathematical Monthly" }

 @String{AmerSocio = "American Journal of Sociology" }
 @String{AmerStatAssoc = "Journal of the American Statistical Association" }
 @String{AMS = "American Mathematical Society" }
%%% ====================================================================
%%%  BibTeX-file{
%%%     author          = "Gerry Murray",
%%%     version         = "1.2",
%%%     date            = "2 April 2012",
%%%     filename        = "acmsmall-sample-bibfile.bib",
%%%     address         = "ACM, NY",
%%%     email           = "murray at hq.acm.org",
%%%     codetable       = "ISO/ASCII",
%%%     keywords        = "ACM Reference Format, bibliography, citation, references",
%%%     supported       = "yes",
%%%     docstring       = "This BibTeX database file contains 'bibdata' entries
%%%                        that 'match' the examples provided in the Specifications Document
%%%                        AND, also, 'legacy'-type bibs. It should assist authors in 
%%%                        choosing the 'correct' at-bibtype and necessary bib-fields
%%%                        so as to obtain the appropriate ACM Reference Format output. 
%%%			   It also contains many 'Standard Abbreviations'. "
%%%  }
%%% ====================================================================

% Journals

% First the Full Name is given, then the abbreviation used in the AMS Math
% Reviews, with an indication if it could not be found there.
% Note the 2nd overwrites the 1st, so swap them if you want the full name.

 %{AMS}
 @String{AMSTrans = "American Mathematical Society Translations" }
 @String{ApplMathComp = "Applied Mathematics and Computation" }
 @String{Birkhauser = "Birkha{\"u}ser" }
 @String{BIT = "{BIT}" }
 @String{BritStatPsych = "British Journal of Mathematical and Statistical
          Psychology" }
 @String{BullAMS = "Bulletin of the American Mathematical Society" }

 %ACM
 @String{CACM = "Communications of the {ACM}" }
 @String{CambridgePress = "Cambridge University Press" }
 @String{CanMathBull = "Canadian Mathematical Bulletin" }
 @String{Chelsea = "Chelsea" }
 @String{ClaredonPress = "Claredon Press" }
 @String{CompApplMath = "Journal of Computational and Applied Mathematics" }
 @String{CompJour = "The Computer Journal" }
 @String{CompPhys = "Journal of Computational Physics" }
 @String{CompServ = "Comput. Surveys" }
 @String{CompStruct = "Computers and Structures" }
 @String{CompSysSci = "Journal of Computer and System Sciences" }
% didn't find in AMS MR., ibid.

 %IEEE
 @String{Computer = "{IEEE} Computer" }
 @String{Computing = "Computing" }
 @String{ContempMath = "Contemporary Mathematics" }
 @String{Crelle = "Crelle's Journal" }
 @String{DoverPub = "Dover Publications" }
 @String{Eyolles = "Eyolles" }
 @String{GiornaleMath = "Giornale di Mathematiche" }
 @String{HoltRinehartWinston = "Holt, Rinehart and Winston" }
 @String{IEEESpec = "{IEEE} Spectrum" }  @String{IEEETransAC = "{IEEE} Transactions on Automatic Control" }
% didn't find in AMS MR
 @String{IEEETransAeroElec = "{IEEE} Transactions on Aerospace and Electronic
     Systems" }
 @String{IEEETransComp = "{IEEE} Transactions on Computers" }

 @String{IMANumerAna = "{IMA} Journal of Numerical Analysis" }
 @String{InfProcLet = "Information Processing Letters" }
 @String{InstMathApp = "Journal of the Institute of Mathematics and
     its Applications" }
 @String{IntControl = "International Journal of Control" }
 @String{Interscience = "Interscience" }
 @String{IntNumerEng = "International Journal for Numerical Methods in
     Engineering" }
 @String{IntSuper = "International Journal of Supercomputing Applications" }
 @String{JACM = "J. ACM" }
 @String{JohnsHopkinsPress = "The Johns Hopkins University Press" }
 @String{JohnWileySons = "John Wiley and Sons" }
 @String{JResNatBurStand = "Journal of Research of the National Bureau
     of Standards" }

 %SIAM
 @String{JSIAM = "Journal of the Society for Industrial and Applied
     Mathematics" }
 @String{JSIAMB = "Journal of the Society for Industrial and Applied
     Mathematics, Series B, Numerical Analysis" }
% didn't find
%% in AMS MR
 @String{Kibernetika = "Kibernetika" }
 @String{LinAlgApp = "Linear Algebra and its Applications" }
 @String{Macmillan = "Macmillan" }
 @String{MathAnaAppl = "Journal of Mathematical Analysis and Applications" }
 @String{MathAnnalen = "Mathematische Annalen" }
 @String{MathComp = "Mathematics of Computation" }
 @String{MathPhys = "Journal of Mathematical Physics" }
 @String{MathScand = "Mathematica Scandinavica" }
 @String{MathWorks = "The Math Works Inc." }
 @String{McGrawHill = "McGraw-Hill" }
 @String{NatBurStd = "National Bureau of Standards" }
 @String{NorthHolland = "North-Holland" }
 @String{NumerMath = "Numerische Mathematik" }
 @String{OxfordPress = "Oxford University Press" }   @String{PacificMath = "Pacific Journal of Mathematics" }
% didn't find
%% in AMS MR
 @String{ParComputing = "Parallel Computing" }
 @String{ParDistComp = "Journal of Parallel and Distributed Computing" }
%address Oxford or London?
 @String{PergamonPress = "Pergamon Press" }
 @String{PhilMag = "Philosophical Magazine" }
 @String{PlenumPress = "Plenum Press" }
 @String{PrenticeHall = "Prentice-Hall" }
 @String{ProcAMS = "Proceedings of the American Mathematical Society" }
% didn't find in AMS MR
 @String{ProcIEEE = "Proceedings of the {IEEE}" }
 @String{ProcNAS = "Proceedings of the National Academy of Sciences
                    of the USA" }
 @String{Psychometrika = "Psychometrika" }
 @String{QuartApplMath = "Quarterly of Applied Mathematics" }
 @String{QuartMath = "Quarterly Journal of Mathematics, Oxford, Series (2)" }
 @String{RevueInstStat = "Review of the International Statisical Institute" }
 @String{SIAMAlgMeth = "{SIAM} Journal on Algebraic and Discrete Methods" }
 @String{SIAMAppMath = "{SIAM} Journal on Applied Mathematics" }
 @String{SIAMComp = "{SIAM} Journal on Computing" }
 @String{SIAMMatrix = "{SIAM} Journal on Matrix Analysis and Applications" }
 @String{SIAMNumAnal = "{SIAM} Journal on Numerical Analysis" }
 @String{SIAMPub = "{SIAM} Publications" }
 @String{SIAMReview = "{SIAM} Review" }
 @String{SIAMSciStat = "{SIAM} Journal on Scientific and Statistical
     Computing" }
 @String{SIGNUM = "{ACM} {SIGNUM} Newsletter" }

 @String{SoftPracExp = "Software Practice and Experience" }
 @String{Springer = "Springer-Verlag" }
% didn't find in AMS MR
 @String{StatScience = "Statistical Science" }
 @String{TablesAidsComp = "Mathematical Tables and Other Aids to Computation" }
 @String{Techno = "Technometrics" }
 @String{TexasPress = "University of Texas Press" }
 @String{TransAMS = "Transactions of the American Mathematical Society" }
 @String{USSRCompMathPhys = "{USSR} Computational Mathematics and Mathematical
     Physics" }
 @String{VanNostrand = "Van Nostrand" }
 @String{VLSICompSys = "Journal of {VLSI} and Computer Systems" }
 @String{WHFreeman = "W. H. Freeman and Co." }
 @String{ZAngewMathMech = "Zeitschrift fur Angewandte Mathematik und
     Mechanik" }
 @String{ZAngewMathPhys = "Zeitschrift fur Angewandte Mathematik und Physik" }

@Online{pivotal:distributed,
  author       = {Pivotal Software},
  year         = {2007},
  url          = {https://www.rabbitmq.com/distributed.html},
  lastaccessed = {July 11, 2017},
}

@Book{Dossot2014,
  author    = {David Dossot},
  title     = {RabbitMQ essentials},
  year      = {2014},
  date      = {2014-04-25},
  publisher = {Packt Publishing},
  isbn      = {978-1-78398-321-6},
  pagetotal = {182},
  url       = {http://www.ebook.de/de/product/22368482/david_dossot_rabbitmq_essentials.html},
  ean       = {9781783983216},
}

@Book{Toshev2015,
  author    = {Martin Toshev},
  title     = {Learning RabbitMQ},
  year      = {2015},
  date      = {2015-12-24},
  publisher = {Packt Publishing},
  isbn      = {978-1-78398-456-5},
  pagetotal = {262},
  url       = {http://www.ebook.de/de/product/25745796/martin_toshev_learning_rabbitmq.html},
  ean       = {9781783984565},
}

@INPROCEEDINGS{7311982, 
author={V. M. Ionescu}, 
booktitle={2015 14th RoEduNet International Conference - Networking in Education and Research (RoEduNet NER)}, 
title={The analysis of the performance of RabbitMQ and ActiveMQ}, 
year={2015}, 
pages={132-137}, 
keywords={message passing;middleware;ActiveMQ brokers;MOM;RabbitMQ brokers;asynchronous communication;clients;data storage;data transfer;message brokers;message oriented middleware;message queues;message receiving;message sending;network connected software applications;performance analysis;servers;Decision support systems;ActiveMQ;Message Oriented Middleware;RabbitMQ;broker;compare;message queues}, 
doi={10.1109/RoEduNet.2015.7311982}, 
ISSN={2068-1038}, 
month={Sept},}

@Comment{jabref-meta: databaseType:biblatex;}
